<?xml version="1.0" encoding="UTF-8"?><collection xmlns="http://www.loc.gov/MARC21/slim"><record><leader>00673nam--2200169-i-4500</leader><controlfield tag="001">000048645</controlfield><controlfield tag="002">20161230</controlfield><controlfield tag="005">20161230201047</controlfield><controlfield tag="008">060222s1000------------r-----000-0-eng-d</controlfield><datafield ind1=" " ind2=" " tag="040"><subfield code="a">IFIN-HH</subfield></datafield><datafield ind1=" " ind2=" " tag="080"><subfield code="a">539.1.073.22</subfield></datafield><datafield ind1="1" ind2=" " tag="100"><subfield code="a">Gentner, W</subfield></datafield><datafield ind1="1" ind2="0" tag="245"><subfield code="a">An atlas of typical expansion chamber photographs; arlas typischer nebelkammerbilder; atlas de photographies de chambre de wilson</subfield><subfield code="b">This volume is dedicated to c.t.r. wilson whose invention of the cloud chamber made these photographs possible</subfield><subfield code="c">W. gentner, h. maier-leibnits, w. bothe</subfield></datafield><datafield ind1=" " ind2=" " tag="260"><subfield code="a">London</subfield><subfield code="b">Pergamon Press</subfield><subfield code="c">1954</subfield></datafield><datafield ind1=" " ind2=" " tag="300"><subfield code="a">199P</subfield></datafield><datafield ind1=" " ind2=" " tag="852"><subfield code="a">10302</subfield><subfield code="c">539.1.07:539.1.08</subfield></datafield><datafield ind1=" " ind2=" " tag="CAT"><subfield code="a">Sys</subfield><subfield code="c">20111017</subfield><subfield code="h">163052</subfield></datafield></record></collection>